<?xml version="1.0" encoding="UTF-8"?><record xmlns="http://www.loc.gov/MARC21/slim" xmlns:cinclude="http://apache.org/cocoon/include/1.0" xmlns:zs="http://www.loc.gov/zing/srw/">
  <leader>00588cz  a2200157n  4500</leader>
  <controlfield tag="001">n  79032505 </controlfield>
  <controlfield tag="003">DLC</controlfield>
  <controlfield tag="005">19981104102650.6</controlfield>
  <controlfield tag="008">790406n| acannaab|          |n aaa |||  </controlfield>
  <datafield tag="010" ind1=" " ind2=" ">
    <subfield code="a">n  79032505 </subfield>
  </datafield>
  <datafield tag="040" ind1=" " ind2=" ">
    <subfield code="a">DLC</subfield>
    <subfield code="c">DLC</subfield>
    <subfield code="d">DLC</subfield>
  </datafield>
  <datafield tag="100" ind1="1" ind2="0">
    <subfield code="a">Henry, Linda Gambee</subfield>
  </datafield>
  <datafield tag="400" ind1="1" ind2="0">
    <subfield code="a">Andrews, Linda Gambee</subfield>
  </datafield>
  <datafield tag="670" ind1=" " ind2=" ">
    <subfield code="a">Leggett, L. R. The rose colored glasses, 1979 (a.e.)</subfield>
    <subfield code="b">t.p. (Linda Gambee Andrews)</subfield>
  </datafield>
  <datafield tag="670" ind1=" " ind2=" ">
    <subfield code="a">Reclaiming soul in health care, 1999:</subfield>
    <subfield code="b">CIP t.p. (Linda Gambee Henry)</subfield>
  </datafield>
  <datafield tag="670" ind1=" " ind2=" ">
    <subfield code="a">Email communication with pub., 11-04-98:</subfield>
    <subfield code="b">(Linda Gambee Henry formerly used the name Linda Gambee Andrews)</subfield>
  </datafield>
</record>